
@article{ohman2016,
	title = {Nonlinear effects of body size and optical attenuation on Diel Vertical Migration by zooplankton},
	author = {Ohman, Mark D. and Romagnan, Jean-Baptiste},
	year = {2016},
	date = {2016},
	journal = {Limnology and Oceanography},
	pages = {765--770},
	volume = {61},
	number = {2},
	doi = {10.1002/lno.10251},
	url = {https://onlinelibrary.wiley.com/doi/abs/10.1002/lno.10251},
	note = {{\_}eprint: https://onlinelibrary.wiley.com/doi/pdf/10.1002/lno.10251},
	langid = {en}
}

@article{gastauer2022,
	title = {Body size- and season-dependent diel vertical migration of mesozooplankton resolved acoustically in the San Diego Trough},
	author = {Gastauer, Sven and Nickels, Catherine F. and Ohman, Mark D.},
	year = {2022},
	date = {2022},
	journal = {Limnology and Oceanography},
	pages = {300--313},
	volume = {67},
	number = {2},
	doi = {10.1002/lno.11993},
	url = {https://onlinelibrary.wiley.com/doi/abs/10.1002/lno.11993},
	note = {{\_}eprint: https://onlinelibrary.wiley.com/doi/pdf/10.1002/lno.11993},
	langid = {en}
}

@article{trudnowska2021,
	title = {Marine snow morphology illuminates the evolution of phytoplankton blooms and determines their subsequent vertical export},
	author = {Trudnowska, Emilia and Lacour, {Léo} and Ardyna, Mathieu and Rogge, Andreas and Irisson, Jean Olivier and Waite, Anya M. and Babin, Marcel and Stemmann, Lars},
	year = {2021},
	month = {05},
	date = {2021-05-14},
	journal = {Nature Communications},
	pages = {2816},
	volume = {12},
	number = {1},
	doi = {10.1038/s41467-021-22994-4},
	url = {https://www.nature.com/articles/s41467-021-22994-4},
	note = {Number: 1
Publisher: Nature Publishing Group},
	langid = {en}
}

@article{vilgrain2021,
	title = {Trait-based approach using in situ copepod images reveals contrasting ecological patterns across an Arctic ice melt zone},
	author = {Vilgrain, Laure and Maps, {Frédéric} and Picheral, Marc and Babin, Marcel and Aubry, Cyril and Irisson, Jean-Olivier and Ayata, {Sakina-Dorothée}},
	year = {2021},
	date = {2021},
	journal = {Limnology and Oceanography},
	pages = {1155--1167},
	volume = {66},
	number = {4},
	doi = {10.1002/lno.11672},
	url = {https://onlinelibrary.wiley.com/doi/abs/10.1002/lno.11672},
	note = {{\_}eprint: https://onlinelibrary.wiley.com/doi/pdf/10.1002/lno.11672},
	langid = {en}
}

@article{picheral2010,
	title = {The Underwater Vision Profiler 5: An advanced instrument for high spatial resolution studies of particle size spectra and zooplankton},
	author = {Picheral, Marc and Guidi, Lionel and Stemmann, Lars and Karl, David M. and Iddaoud, Ghizlaine and Gorsky, Gabriel},
	year = {2010},
	date = {2010},
	journal = {Limnology and Oceanography: Methods},
	pages = {462--473},
	volume = {8},
	number = {9},
	doi = {10.4319/lom.2010.8.462},
	url = {https://onlinelibrary.wiley.com/doi/abs/10.4319/lom.2010.8.462},
	note = {{\_}eprint: https://onlinelibrary.wiley.com/doi/pdf/10.4319/lom.2010.8.462},
	langid = {en}
}

@article{barth2022,
	title = {Comparison of an In Situ Imaging Device and Net-Based Method to Study Mesozooplankton Communities in an Oligotrophic System},
	author = {Barth, Alexander and Stone, Joshua},
	year = {2022},
	date = {2022},
	journal = {Frontiers in Marine Science},
	volume = {9},
	url = {https://www.frontiersin.org/articles/10.3389/fmars.2022.898057}
}

@article{gorsky2010,
	title = {Digital zooplankton image analysis using the ZooScan integrated system},
	author = {Gorsky, Gaby and Ohman, Mark D. and Picheral, Marc and Gasparini, {Stéphane} and Stemmann, Lars and Romagnan, Jean-Baptiste and Cawood, Alison and Pesant, {Stéphane} and {García-Comas}, Carmen and Prejger, Franck},
	year = {2010},
	month = {03},
	date = {2010-03-01},
	journal = {Journal of Plankton Research},
	pages = {285--303},
	volume = {32},
	number = {3},
	doi = {10.1093/plankt/fbp124},
	url = {https://doi.org/10.1093/plankt/fbp124}
}

@misc{picheral,
	title = {EcoTaxa, a tool for the taxonomic classification of images.},
	author = {Picheral, Marc and Colin, S and Irisson, Jean-Olivier},
	url = {http://ecotaxa.obs-vlfr.fr}
}

@article{irisson2022,
	title = {Machine Learning for the Study of Plankton and Marine Snow from Images},
	author = {Irisson, Jean-Olivier and Ayata, {Sakina-Dorothée} and Lindsay, Dhugal and Karp-Boss, Lee and Stemmann, Lars},
	year = {2022},
	month = {01},
	date = {2022-01-03},
	journal = {Annual Review of Marine Science},
	volume = {14},
	doi = {10.1146/annurev-marine-041921-013023}
}
